<record><leader>00000cas a22000007a 4500</leader><controlfield tag="001">26875750</controlfield><controlfield tag="008">921028d18691869ctudn ne      0    0eng d</controlfield><datafield ind1=" " ind2=" " tag="010"><subfield code="a">sn 92051482 </subfield></datafield><datafield ind1=" " ind2=" " tag="040"><subfield code="a">CNW</subfield><subfield code="b">eng</subfield><subfield code="c">CNW</subfield><subfield code="d">OCLCQ</subfield><subfield code="d">OCLCF</subfield><subfield code="d">OCLCO</subfield></datafield><datafield ind1="1" ind2=" " tag="029"><subfield code="a">AU@</subfield><subfield code="b">000020724876</subfield></datafield><datafield ind1=" " ind2=" " tag="042"><subfield code="a">msc</subfield></datafield><datafield ind1=" " ind2=" " tag="043"><subfield code="a">n-us-ct</subfield></datafield><datafield ind1="0" ind2="0" tag="245"><subfield code="a">Daily recorder journal.</subfield></datafield><datafield ind1="1" ind2="3" tag="246"><subfield code="a">Meriden daily evening journal</subfield></datafield><datafield ind1="1" ind2="7" tag="246"><subfield code="a">Daily evening journal</subfield></datafield><datafield ind1="3" ind2="0" tag="246"><subfield code="a">Recorder journal</subfield></datafield><datafield ind1="3" ind2="0" tag="246"><subfield code="a">Recorder daily journal</subfield></datafield><datafield ind1=" " ind2=" " tag="260"><subfield code="a">West Meriden [Meriden], Conn. :</subfield><subfield code="b">Daily Evening Journal Pub. Association</subfield></datafield><datafield ind1=" " ind2=" " tag="300"><subfield code="a">v.</subfield></datafield><datafield ind1=" " ind2=" " tag="310"><subfield code="a">Daily</subfield></datafield><datafield ind1="1" ind2=" " tag="362"><subfield code="a">Began in Mar. 1869; ceased in Apr. 1869.</subfield></datafield><datafield ind1=" " ind2=" " tag="500"><subfield code="a">"Daily" appears above title ornament.</subfield></datafield><datafield ind1=" " ind2=" " tag="500"><subfield code="a">"Independent."</subfield></datafield><datafield ind1=" " ind2=" " tag="530"><subfield code="a">Also issued on microfilm from Connecticut State Library, Hartford, CT.</subfield></datafield><datafield ind1=" " ind2=" " tag="588"><subfield code="a">Description based on: Vol. 1, no. 14 (Apr. 10, 1869).</subfield></datafield><datafield ind1=" " ind2="0" tag="651"><subfield code="a">Meriden (Conn.)</subfield><subfield code="v">Newspapers.</subfield></datafield><datafield ind1=" " ind2="7" tag="655"><subfield code="a">Newspapers.</subfield><subfield code="2">fast</subfield><subfield code="0">(OCoLC)fst01423814</subfield></datafield><datafield ind1=" " ind2="7" tag="651"><subfield code="a">Connecticut</subfield><subfield code="z">Meriden.</subfield><subfield code="2">fast</subfield><subfield code="0">(OCoLC)fst01213400</subfield></datafield><datafield ind1=" " ind2=" " tag="752"><subfield code="a">United States</subfield><subfield code="b">Connecticut</subfield><subfield code="c">New Haven</subfield><subfield code="d">Meriden.</subfield></datafield><datafield ind1="0" ind2="0" tag="785"><subfield code="t">Recorder-journal (Meriden, Conn. : 1869)</subfield><subfield code="w">(DLC)sn 92051496</subfield><subfield code="w">(OCoLC)26884869</subfield></datafield></record>